<collection xmlns="http://www.loc.gov/MARC21/slim"><record><leader>01034nam  2200289   450</leader><controlfield tag="001">144</controlfield><controlfield tag="003">http://montalegre.opacnet.com/OPAC/default.aspx?ContentAreaControl=ShowRegHoldings.ascx&amp;RegNo=16662</controlfield><datafield tag="100" ind1=" " ind2=" "><subfield code="a">20061013f19------m y0pory010305 ba</subfield></datafield><datafield tag="101" ind1="1" ind2=" "><subfield code="a">por</subfield><subfield code="c">ita</subfield></datafield><datafield tag="102" ind1=" " ind2=" "><subfield code="a">PT</subfield></datafield><datafield tag="105" ind1=" " ind2=" "><subfield code="a">a z 001ay</subfield></datafield><datafield tag="106" ind1=" " ind2=" "><subfield code="a">r</subfield></datafield><datafield tag="200" ind1="1" ind2=" "><subfield code="a">Se numa noite de inverno um viajante</subfield><subfield code="f">Italo Calvino</subfield><subfield code="g">pref. Paolo Angeleri</subfield><subfield code="g">trad. Maria de Lurdes Sirgado Ganho e José Manuel de Vasconcelos</subfield></datafield><datafield tag="205" ind1=" " ind2=" "><subfield code="a">2ª ed</subfield></datafield><datafield tag="210" ind1=" " ind2=" "><subfield code="a">Lisboa</subfield><subfield code="c">Vega</subfield><subfield code="d">[19--]</subfield></datafield><datafield tag="215" ind1=" " ind2=" "><subfield code="a">287p.</subfield><subfield code="d">21 cm</subfield></datafield><datafield tag="225" ind1="2" ind2=" "><subfield code="a">Provisórios &amp; definitivos</subfield></datafield><datafield tag="304" ind1=" " ind2=" "><subfield code="a">Tít. orig.: Se una notte d'inverno un viaggiatore</subfield></datafield><datafield tag="606" ind1=" " ind2=" "><subfield code="a">Literatura italiana</subfield></datafield><datafield tag="608" ind1=" " ind2=" "><subfield code="a">Romance</subfield></datafield><datafield tag="675" ind1=" " ind2=" "><subfield code="a">821</subfield><subfield code="v">BN</subfield><subfield code="z">por</subfield></datafield><datafield tag="700" ind1=" " ind2="1"><subfield code="a">Calvino</subfield><subfield code="b">Italo</subfield><subfield code="f">1923-1985</subfield></datafield><datafield tag="702" ind1=" " ind2="1"><subfield code="a">Angeleri</subfield><subfield code="b">Paolo</subfield><subfield code="f">1924</subfield><subfield code="4">080 [Autor do prefácio]</subfield></datafield><datafield tag="702" ind1=" " ind2="1"><subfield code="a">Ganho</subfield><subfield code="b">Maria de Lurdes Sirgado</subfield><subfield code="f">1949</subfield><subfield code="4">730</subfield></datafield><datafield tag="702" ind1=" " ind2="1"><subfield code="a">Vasconcelos</subfield><subfield code="b">José Manuel de</subfield><subfield code="4">730</subfield></datafield><datafield tag="801" ind1=" " ind2="0"><subfield code="a">PT</subfield><subfield code="b">Biblioteca Municipal de Montalegre</subfield><subfield code="g">RPC</subfield></datafield><datafield tag="856" ind1=" " ind2=" "><subfield code="u">locateMedia.asp?cod=20060509143415&amp;ext=jpg</subfield><subfield code="z">CAPA</subfield></datafield><datafield tag="909" ind1="&#9;" ind2=" "><subfield code="a">1</subfield></datafield><datafield tag="966" ind1=" " ind2=" "><subfield code="a">0008505</subfield><subfield code="l">BMM</subfield><subfield code="s">SCG 821 CAL num</subfield></datafield></record></collection>